
@article{copenhagen2020,
	title = {Topological defects promote layer formation in Myxococcus xanthus colonies},
	author = {Copenhagen, Katherine and Alert, Ricard and Wingreen, Ned S. and Shaevitz, Joshua W.},
	year = {2020},
	month = {11},
	date = {2020-11-23},
	journal = {Nature Physics},
	pages = {211--215},
	volume = {17},
	number = {2},
	doi = {10.1038/s41567-020-01056-4},
	url = {http://dx.doi.org/10.1038/s41567-020-01056-4},
	langid = {en}
}
